@article{heider2021review,
  title     = {A review on phase-field modeling of hydraulic fracturing},
  author    = {Heider, Yousef},
  journal   = {Engineering Fracture Mechanics},
  volume    = {253},
  pages     = {107881},
  year      = {2021},
  publisher = {Elsevier}
}

@article{miehe2015minimization,
  title     = {Minimization principles for the coupled problem of Darcy--Biot-type fluid transport in porous media linked to phase field modeling of fracture},
  author    = {Miehe, Christian and Mauthe, Steffen and Teichtmeister, Stephan},
  journal   = {Journal of the Mechanics and Physics of Solids},
  volume    = {82},
  pages     = {186--217},
  year      = {2015},
  publisher = {Elsevier}
}

@article{wilson2016phase,
  title     = {Phase-field modeling of hydraulic fracture},
  author    = {Wilson, Zachary A and Landis, Chad M},
  journal   = {Journal of the Mechanics and Physics of Solids},
  volume    = {96},
  pages     = {264--290},
  year      = {2016},
  publisher = {Elsevier}
}

@article{yoshioka2016variational,
  title     = {A variational hydraulic fracturing model coupled to a reservoir simulator},
  author    = {Yoshioka, Keita and Bourdin, Blaise},
  journal   = {International Journal of Rock Mechanics and Mining Sciences},
  volume    = {88},
  pages     = {137--150},
  year      = {2016},
  publisher = {Elsevier}
}

@article{verhoosel2013phase,
  title     = {A phase-field model for cohesive fracture},
  author    = {Verhoosel, Clemens V and de Borst, Ren{\'e}},
  journal   = {International Journal for numerical methods in Engineering},
  volume    = {96},
  number    = {1},
  pages     = {43--62},
  year      = {2013},
  publisher = {Wiley Online Library}
}

@article{lee2017iterative,
  title     = {Iterative coupling of flow, geomechanics and adaptive phase-field fracture including level-set crack width approaches},
  author    = {Lee, Sanghyun and Wheeler, Mary F and Wick, Thomas},
  journal   = {Journal of Computational and Applied Mathematics},
  volume    = {314},
  pages     = {40--60},
  year      = {2017},
  publisher = {Elsevier}
}

@article{yoshioka2020crack,
  title     = {On crack opening computation in variational phase-field models for fracture},
  author    = {Yoshioka, Keita and Naumov, Dmitri and Kolditz, Olaf},
  journal   = {Computer Methods in Applied Mechanics and Engineering},
  volume    = {369},
  pages     = {113210},
  year      = {2020},
  publisher = {Elsevier}
}